@online{csie_restaurant,
    author = "{guyleaf, asd3013593, RonToSucceed, a58176197, Andersonabc, orz123789}",
    title = "CSIE restaurant 孜宮庭園-北科大校園外送平台",
    url  = "https://github.com/guyleaf/csie_restaurant",
    keywords = "ntut"
}
